<?xml version="1.0" encoding="UTF-8"?><collection xmlns="http://www.loc.gov/MARC21/slim"><record><leader>00419nam--2200169-i-4500</leader><controlfield tag="001">000008492</controlfield><controlfield tag="002">20161230</controlfield><controlfield tag="005">20170114230740</controlfield><controlfield tag="008">060222s1000------------r-----000-0-eng-d</controlfield><datafield ind1=" " ind2=" " tag="080"><subfield code="a">621.792:668.3</subfield></datafield><datafield ind1=" " ind2=" " tag="100"><subfield code="a">Bikerman, J. J</subfield></datafield><datafield ind1=" " ind2=" " tag="245"><subfield code="a">The science of adhesive joints</subfield></datafield><datafield ind1=" " ind2=" " tag="250"><subfield code="a">2nd edition</subfield></datafield><datafield ind1=" " ind2=" " tag="260"><subfield code="a">New York</subfield><subfield code="b">Academic Press</subfield><subfield code="c">1968</subfield></datafield><datafield ind1=" " ind2=" " tag="300"><subfield code="a">XI + 349 p</subfield></datafield><datafield ind1=" " ind2=" " tag="852"><subfield code="a">28689</subfield></datafield><datafield ind1=" " ind2=" " tag="CAT"><subfield code="a">SYS</subfield><subfield code="c">20170114</subfield><subfield code="h">230740</subfield></datafield></record></collection>